@inproceedings{kalman1960general,
	title={On the general theory of control systems},
	author={Kalman, Rudolf E.},
	booktitle={International Conference on Automatic Control},
	pages={481--492},
	year={1960}
}

@article{lillicrap2015continuous,
	title={Continuous control with deep reinforcement learning},
	author={Lillicrap, Timothy P. and Hunt, Jonathan J. and Pritzel, Alexander and Heess, Nicolas and Erez, Tom and Tassa, Yuval and Silver, David and Wierstra, Daan},
	journal={arXiv:1509.02971},
	year={2015}
}

@article{schulman2017proximal,
	title={Proximal policy optimization algorithms},
	author={Schulman, John and Wolski, Filip and Dhariwal, Prafulla and Radford, Alec and Klimov, Oleg},
	journal={arXiv:1707.06347},
	year={2017}
}

@article{salimans2017evolution,
	title={Evolution strategies as a scalable alternative to reinforcement learning},
	author={Salimans, Tim and Ho, Jonathan and Chen, Xi and Sidor, Szymon and Sutskever, Ilya},
	journal={arXiv:1703.03864},
	year={2017}
}

@article{smith2022walk,
	title={A Walk in the Park: {L}earning to Walk in 20 Minutes With Model-Free Reinforcement Learning},
	author={Smith, Laura and Kostrikov, Ilya and Levine, Sergey},
	journal={arXiv:2208.07860},
	year={2022}
}

@inproceedings{rudin2022learning,
	title={Learning to walk in minutes using massively parallel deep reinforcement learning},
	author={Rudin, Nikita and Hoeller, David and Reist, Philipp and Hutter, Marco},
	booktitle={Conference on Robot Learning},
	pages={91--100},
	year={2022},
}

@inproceedings{tassa2014control,
	title={Control-limited differential dynamic programming},
	author={Tassa, Yuval and Mansard, Nicolas and Todorov, Emo},
	booktitle={IEEE International Conference on Robotics and Automation},
	pages={1168--1175},
	year={2014},
}

@article{silver2016mastering,
	year = {2016},
	publisher = {Springer},
	volume = {529},
	number = {7587},
	pages = {484--489},
	author = {David Silver and Aja Huang and Chris J. Maddison and Arthur Guez and Laurent Sifre and George van den Driessche and Julian Schrittwieser and Ioannis Antonoglou and Veda Panneershelvam and Marc Lanctot and Sander Dieleman and Dominik Grewe and John Nham and Nal Kalchbrenner and Ilya Sutskever and Timothy Lillicrap and Madeleine Leach and Koray Kavukcuoglu and Thore Graepel and Demis Hassabis},
	title = {Mastering the game of {G}o with deep neural networks and tree search},
	journal = {Nature}
}

@inproceedings{todorov2012mujoco,
	title={Mu{J}o{C}o: {A} physics engine for model-based control},
	author={Todorov, Emanuel and Erez, Tom and Tassa, Yuval},
	booktitle={IEEE/RSJ International Conference on Intelligent Robots and Systems},
	pages={5026--5033},
	year={2012},
}

@article{lu2022current,
	year = {2022},
	volume = {1},
	number = {11},
	pages = {654--668},
	author = {Zhong{-}Lin Lu and Barbara Anne Dosher},
	title = {Current directions in visual perceptual learning},
	journal = {Nature Reviews Psychology}
}

@article{von1992direct,
	title={Direct and indirect methods for trajectory optimization},
	author={Von Stryk, Oskar and Bulirsch, Roland},
	journal={Annals of Operations Research},
	volume={37},
	number={1},
	pages={357--373},
	year={1992},
	publisher={Springer}
}

@article{betts1998survey,
	title={Survey of numerical methods for trajectory optimization},
	author={Betts, John T.},
	journal={Journal of Guidance, Control, and Dynamics},
	volume={21},
	number={2},
	pages={193--207},
	year={1998}
}

@book{manned1971apollo,
	title={Apollo 11 Mission Report},
	author={{NASA}},
	volume={238},
	year={1971},
	publisher={Scientific and Technical Information Office, National Aeronautics and Space Administration}
}

@techreport{smith1967trajectory,
	title={Trajectory optimization for an {A}pollo-type vehicle under entry conditions encountered during lunar return},
	author={Smith, R. E. and Yound, J. W.},
	year={1967}
}

@incollection{stryk1993numerical,
	title={Numerical solution of optimal control problems by direct collocation},
	author={Von Stryk, Oskar},
	booktitle={Optimal Control},
	pages={129--143},
	year={1993},
	publisher={Springer}
}

@article{wachter2006implementation,
	title={On the implementation of an interior-point filter line-search algorithm for large-scale nonlinear programming},
	author={W{\"a}chter, Andreas and Biegler, Lorenz T.},
	journal={Mathematical Programming},
	volume={106},
	number={1},
	pages={25--57},
	year={2006},
	publisher={Springer}
}

@article{gill2005snopt,
	title={{SNOPT}: {A}n {SQP} algorithm for large-scale constrained optimization},
	author={Gill, Philip E. and Murray, Walter and Saunders, Michael A.},
	journal={SIAM Review},
	volume={47},
	number={1},
	pages={99--131},
	year={2005},
	publisher={SIAM}
}

@book{jacobson1970differential,
	title={Differential Dynamic Programming},
	author={Jacobson, David H. and Mayne, David Q.},
	number={24},
	year={1970},
	publisher={Elsevier Publishing Company}
}

@article{richalet1978model,
	title={Model predictive heuristic control: {A}pplications to industrial processes},
	author={Richalet, Jacques and Rault, Andr{\'e} and Testud, J. L. and Papon, J.},
	journal={Automatica},
	volume={14},
	number={5},
	pages={413--428},
	year={1978},
	publisher={Elsevier}
}

@article{na2003model,
	title={A model predictive controller for nuclear reactor power},
	author={Na, Man Gyun and Shin, Sun Ho and Kim, Whee Cheol},
	journal={Nuclear Engineering and Technology},
	volume={35},
	number={5},
	pages={399--411},
	year={2003},
	publisher={Korean Nuclear Society}
}

@article{lopez2013fast,
	title={Fast nonlinear model predictive control: {F}ormulation and industrial process applications},
	author={Lopez-Negrete, Rodrigo and Dâ€™Amato, Fernando J. and Biegler, Lorenz T. and Kumar, Aditya},
	journal={Computers \& Chemical Engineering},
	volume={51},
	pages={55--64},
	year={2013},
	publisher={Elsevier}
}

@article{falcone2007predictive,
	title={Predictive active steering control for autonomous vehicle systems},
	author={Falcone, Paolo and Borrelli, Francesco and Asgari, Jahan and Tseng, Hongtei Eric and Hrovat, Davor},
	journal={IEEE Transactions on Control Systems Technology},
	volume={15},
	number={3},
	pages={566--580},
	year={2007},
	publisher={IEEE}
}

@article{kuindersma2016optimization,
	title={Optimization-based locomotion planning, estimation, and control design for the {A}tlas humanoid robot},
	author={Kuindersma, Scott and Deits, Robin and Fallon, Maurice and Valenzuela, Andr{\'e}s and Dai, Hongkai and Permenter, Frank and Koolen, Twan and Marion, Pat and Tedrake, Russ},
	journal={Autonomous Robots},
	volume={40},
	number={3},
	pages={429--455},
	year={2016},
	publisher={Springer}
}

@book{audet2017derivative,
	title={Derivative-Free and Blackbox Optimization},
	author={Audet, Charles and Hare, Warren},
	volume={2},
	year={2017},
	publisher={Springer}
}

@inproceedings{mania2018simple,
	title={Simple random search of static linear policies is competitive for reinforcement learning},
	author={Mania, Horia and Guy, Aurelia and Recht, Benjamin},
	booktitle={Advances in Neural Information Processing Systems},
	pages={1800--1809},
	year={2018}
}

@article{matyas1965random,
	title={Random optimization},
	author={Matyas, J.},
	journal={Automation and Remote Control},
	volume={26},
	number={2},
	pages={246--253},
	year={1965}
}

@article{holland1992genetic,
	title={Genetic algorithms},
	author={Holland, John H.},
	journal={Scientific American},
	volume={267},
	number={1},
	pages={66--73},
	year={1992},
	publisher={JSTOR}
}

@article{rechenberg1973evolutionsstrategie,
	title={Evolutionsstrategie},
	author={Rechenberg, Ingo},
	journal={Optimierung technischer Systeme nach Prinzipien derbiologischen Evolution},
	year={1973},
	publisher={Frommann-Holzboog Verlag}
}

@article{hansen2001completely,
	title={Completely derandomized self-adaptation in evolution strategies},
	author={Hansen, Nikolaus and Ostermeier, Andreas},
	journal={Evolutionary Computation},
	volume={9},
	number={2},
	pages={159--195},
	year={2001},
	publisher={{MIT} {P}ress}
}

@article{hmlinen2014online,
	year = {2014},
	author = {Perttu H\"{a}m\"{a}l\"{a}inen and Sebastian Eriksson and Esa Tanskanen and Ville Kyrki and Jaakko Lehtinen},
	title = {Online motion synthesis using sequential {M}onte {C}arlo},
	journal = {{ACM} Transactions on Graphics}
}

@article{hmlinen2015online,
	year = {2015},
	author = {Perttu H\"{a}m\"{a}l\"{a}inen and Joose Rajam\"{a}ki and C. Karen Liu},
	title = {Online control of simulated humanoids using particle belief propagation},
	journal = {{ACM} Transactions on Graphics}
}

@article{williams2017model,
	title={Model predictive path integral control: {F}rom theory to parallel computation},
	author={Williams, Grady and Aldrich, Andrew and Theodorou, Evangelos A.},
	journal={Journal of Guidance, Control, and Dynamics},
	volume={40},
	number={2},
	pages={344--357},
	year={2017},
	publisher={American Institute of Aeronautics and Astronautics}
}

@article{jacobson1973optimal,
	title={Optimal stochastic linear systems with exponential performance criteria and their relation to deterministic differential games},
	author={Jacobson, David},
	journal={IEEE Transactions on Automatic Control},
	volume={18},
	number={2},
	pages={124--131},
	year={1973},
	publisher={IEEE}
}

@article{whittle1981risk,
	title={Risk-sensitive linear/quadratic/{G}aussian control},
	author={Whittle, Peter},
	journal={Advances in Applied Probability},
	volume={13},
	number={4},
	pages={764--777},
	year={1981},
	publisher={Cambridge University Press}
}

@inproceedings{li2004iterative,
	title={Iterative linear quadratic regulator design for nonlinear biological movement systems},
	author={Li, Weiwei and Todorov, Emanuel},
	booktitle={{I}nternational {C}onference on {I}nformatics in {C}ontrol, {A}utomation and {R}obotics},
	pages={222--229},
	year={2004},
}

@inproceedings{tassa2012synthesis,
	title={Synthesis and stabilization of complex behaviors through online trajectory optimization},
	author={Tassa, Yuval and Erez, Tom and Todorov, Emanuel},
	booktitle={IEEE/RSJ International Conference on Intelligent Robots and Systems},
	pages={4906--4913},
	year={2012},
}

@article{kalman1964lqr,
	author = {Kalman, Rudolf E.},
	title = "{When Is a Linear Control System Optimal?}",
	journal = {Journal of Basic Engineering},
	volume = {86},
	number = {1},
	pages = {51-60},
	year = {1964},
}

@article{mangasarian1966sufficient,
	year = {1966},
	publisher = {Society for Industrial {\&} Applied Mathematics ({SIAM})},
	volume = {4},
	number = {1},
	pages = {139--152},
	author = {O. L. Mangasarian},
	title = {Sufficient Conditions for the Optimal Control of Nonlinear Systems},
	journal = {{SIAM} Journal on Control}
}

@article{tunyasuvunakool2020dm_control,
	title={dm\_control: {S}oftware and tasks for continuous control},
	author={Tunyasuvunakool, Saran and Muldal, Alistair and Doron, Yotam and Liu, Siqi and Bohez, Steven and Merel, Josh and Erez, Tom and Lillicrap, Timothy and Heess, Nicolas and Tassa, Yuval},
	journal={Software Impacts},
	volume={6},
	pages={100022},
	year={2020},
	publisher={Elsevier}
}

@misc{unitree2022a1,
	title = {{Unitree {A}1 {Q}uadruped}},
	author={Unitree},
	howpublished = {\url{https://m.unitree.com/products/a1}},
	year={2022},
}

@software{menagerie2022github,
	author = {{MuJoCo Menagerie Contributors}},
	title = {{M}u{J}o{C}o {M}enagerie: {A} collection of high-quality simulation models for {M}u{J}o{C}o},
	url = {http://github.com/deepmind/mujoco_menagerie},
	year = {2022},
}

@article{tuffield2003shadow,
	title={The {S}hadow robot mimics human actions},
	author={Tuffield, Paul and Elias, Hugo},
	journal={Industrial Robot: An International Journal},
	year={2003},
	publisher={MCB UP Ltd}
}

@inproceedings{chen2022system,
	title={A system for general in-hand object re-orientation},
	author={Chen, Tao and Xu, Jie and Agrawal, Pulkit},
	booktitle={Conference on Robot Learning},
	pages={297--307},
	year={2022},
}

@inproceedings{ladicky2017physics,
	author = {Ladicky, Lubor and Jeong, SoHyeon and Bartolovic, Nemanja and Pollefeys, Marc and Gross, Markus},
	title = {{P}hysics{F}orests: {R}eal-time fluid simulation using machine learning},
	year = {2017},
	isbn = {9781450350907},
	booktitle = {ACM SIGGRAPH Real Time Live!},
	pages = {22},
	numpages = {1},
}

@article{heess2015learning,
	title={Learning continuous control policies by stochastic value gradients},
	author={Heess, Nicolas and Wayne, Gregory and Silver, David and Lillicrap, Timothy and Erez, Tom and Tassa, Yuval},
	journal={Advances in Neural Information Processing Systems},
	volume={28},
	year={2015}
}

@inproceedings{nagabandi2020deep,
	title={Deep dynamics models for learning dexterous manipulation},
	author={Nagabandi, Anusha and Konolige, Kurt and Levine, Sergey and Kumar, Vikash},
	booktitle={Conference on Robot Learning},
	pages={1101--1112},
	year={2020},
}

@article{wu2022daydreamer,
	title={{D}ay{D}reamer: {W}orld models for physical robot learning},
	author={Wu, Philipp and Escontrela, Alejandro and Hafner, Danijar and Goldberg, Ken and Abbeel, Pieter},
	journal={arXiv:2206.14176},
	year={2022}
}

@Article{schrittwieser2020mastering,
	author={Schrittwieser, Julian
	and Antonoglou, Ioannis
	and Hubert, Thomas
	and Simonyan, Karen
	and Sifre, Laurent
	and Schmitt, Simon
	and Guez, Arthur
	and Lockhart, Edward
	and Hassabis, Demis
	and Graepel, Thore
	and Lillicrap, Timothy
	and Silver, David},
	title={Mastering {A}tari, {G}o, chess and shogi by planning with a learned model},
	journal={Nature},
	year={2020},
	volume={588},
	number={7839},
	pages={604-609},
}

@article{byravan2021evaluating,
	title={Evaluating model-based planning and planner amortization for continuous control},
	author={Byravan, Arunkumar and Hasenclever, Leonard and Trochim, Piotr and Mirza, Mehdi and Ialongo, Alessandro Davide and Tassa, Yuval and Springenberg, Jost Tobias and Abdolmaleki, Abbas and Heess, Nicolas and Merel, Josh and others},
	journal={arXiv:2110.03363},
	year={2021}
}

@article{springenberg2020local,
	title={Local search for policy iteration in continuous control},
	author={Springenberg, Jost Tobias and Heess, Nicolas and Mankowitz, Daniel and Merel, Josh and Byravan, Arunkumar and Abdolmaleki, Abbas and Kay, Jackie and Degrave, Jonas and Schrittwieser, Julian and Tassa, Yuval and others},
	journal={arXiv:2010.05545},
	year={2020}
}

@inproceedings{lowrey2014physically,
	title={Physically-consistent sensor fusion in contact-rich behaviors},
	author={Lowrey, Kendall and Kolev, Svetoslav and Tassa, Yuval and Erez, Tom and Todorov, Emanuel},
	booktitle={IEEE/RSJ International Conference on Intelligent Robots and Systems},
	pages={1656--1662},
	year={2014},
}

@article{westervelt2003hybrid,
	title={Hybrid zero dynamics of planar biped walkers},
	author={Westervelt, Eric R. and Grizzle, Jessy W. and Koditschek, Daniel E.},
	journal={IEEE Transactions on Automatic Control},
	volume={48},
	number={1},
	pages={42--56},
	year={2003},
	publisher={IEEE}
}

@article{ames2014rapidly,
	title={Rapidly exponentially stabilizing control {L}yapunov functions and hybrid zero dynamics},
	author={Ames, Aaron D. and Galloway, Kevin and Sreenath, Koushil and Grizzle, Jessy W.},
	journal={IEEE Transactions on Automatic Control},
	volume={59},
	number={4},
	pages={876--891},
	year={2014},
	publisher={IEEE}
}

@inproceedings{li2021reinforcement,
  title={Reinforcement learning for robust parameterized locomotion control of bipedal robots},
  author={Li, Zhongyu and Cheng, Xuxin and Peng, Xue Bin and Abbeel, Pieter and Levine, Sergey and Berseth, Glen and Sreenath, Koushil},
  booktitle={{IEEE} {I}nternational {C}onference on {R}obotics and {A}utomation},
  pages={2811--2817},
  year={2021},
}

@inproceedings{aydinoglu2020contact,
	title={Contact-aware controller design for complementarity systems},
	author={Aydinoglu, Alp and Preciado, Victor M. and Posa, Michael},
	booktitle={IEEE International Conference on Robotics and Automation},
	pages={1525--1531},
	year={2020},
}

@article{heess2017emergence,
	title={Emergence of locomotion behaviours in rich environments},
	author={Heess, Nicolas and TB, Dhruva and Sriram, Srinivasan and Lemmon, Jay and Merel, Josh and Wayne, Greg and Tassa, Yuval and Erez, Tom and Wang, Ziyu and Eslami, SM and others},
	journal={arXiv:1707.02286},
	year={2017}
}

@article{heiden2020neuralsim,
	title={{N}eural{S}im: {A}ugmenting Differentiable Simulators with Neural Networks},
	author={Heiden, Eric and Millard, David and Coumans, Erwin and Sheng, Yizhou and Sukhatme, Gaurav S.},
	booktitle={{IEEE International Conference on Robotics and Automation}},
  	pages={9474--9481},
  	year={2021},
}

@article{winkler2018gait,
	title={Gait and trajectory optimization for legged systems through phase-based end-effector parameterization},
	author={Winkler, Alexander W. and Bellicoso, C. Dario and Hutter, Marco and Buchli, Jonas},
	journal={IEEE Robotics and Automation Letters},
	volume={3},
	number={3},
	pages={1560--1567},
	year={2018},
	publisher={IEEE}
}

@article{sleiman2021unified,
	title={A unified {MPC} framework for whole-body dynamic locomotion and manipulation},
	author={Sleiman, Jean{-}Pierre and Farshidian, Farbod and Minniti, Maria Vittoria and Hutter, Marco},
	journal={IEEE Robotics and Automation Letters},
	volume={6},
	number={3},
	pages={4688--4695},
	year={2021},
	publisher={IEEE}
}

@inproceedings{koenemann2015whole,
	title={Whole-body model-predictive control applied to the {HRP}-2 humanoid},
	author={Koenemann, Jonas and Del Prete, Andrea and Tassa, Yuval and Todorov, Emanuel and Stasse, Olivier and Bennewitz, Maren and Mansard, Nicolas},
	booktitle={IEEE/RSJ International Conference on Intelligent Robots and Systems},
	pages={3346--3351},
	year={2015},
}

@inproceedings{hirai1998development,
	title={The development of {H}onda humanoid robot},
	author={Hirai, Kazuo and Hirose, Masato and Haikawa, Yuji and Takenaka, Toru},
	booktitle={IEEE International Conference on Robotics and Automation},
	volume={2},
	pages={1321--1326},
	year={1998},
}

@phdthesis{bledt2020regularized,
	title={Regularized predictive control framework for robust dynamic legged locomotion},
	author={Bledt, Gerardo},
	year={2020},
	school={Massachusetts Institute of Technology}
}

@article{lee2020learning,
	title={Learning quadrupedal locomotion over challenging terrain},
	author={Lee, Joonho and Hwangbo, Jemin and Wellhausen, Lorenz and Koltun, Vladlen and Hutter, Marco},
	journal={Science Robotics},
	volume={5},
	number={47},
	year={2020},
	publisher={Science Robotics}
}

@misc{unitree_go1,
	title = {Unitree {Go}1 {Q}uadruped},
	howpublished = {\url{https://m.unitree.com/products/go1/}},
	year={2022},
}

@techreport{raibert1989dynamically,
	title={Dynamically Stable Legged Locomotion},
	author={Raibert, Marc H. and Brown Jr., H. Benjamin and Chepponis, Michael and Koechling, Jeff and Hodgins, Jessica K. and Dustman, Diane and Brennan, W. Kevin and Barrett, David S. and Thompson, Clay M. and Hebert, John Daniell and Lee, Woojin and Borvansky Lance},
	year={1989},
	institution={Massachusetts Institute of Technology Cambridge Artificial Intelligence Lab}
}

@inproceedings{dai2014whole,
	title={Whole-body motion planning with centroidal dynamics and full kinematics},
	author={Dai, Hongkai and Valenzuela, Andr{\'e}s and Tedrake, Russ},
	booktitle={IEEE-RAS International Conference on Humanoid Robots},
	pages={295--302},
	year={2014},
}

@online{atlas2019parkour,
	title = {More {P}arkour {A}tlas},
	year = {2019},
	author = {{Boston Dynamics}},
	url = {https://www.youtube.com/watch?v=_sBBaNYex3E},
}

@article{chignoli2021humanoid,
	title={The {MIT} Humanoid Robot: {D}esign, Motion Planning, and Control For Acrobatic Behaviors},
	author={Chignoli, Matthew and Kim, Donghyun and Stanger-Jones, Elijah and Kim, Sangbae},
	booktitle={{IEEE-RAS International Conference on Humanoid Robots (Humanoids)}},
  	pages={1--8},
  	year={2021},
}

@article{neunert2018whole,
	title={Whole-body nonlinear model predictive control through contacts for quadrupeds},
	author={Neunert, Michael and St{\"a}uble, Markus and Giftthaler, Markus and Bellicoso, Carmine D. and Carius, Jan and Gehring, Christian and Hutter, Marco and Buchli, Jonas},
	journal={IEEE Robotics and Automation Letters},
	volume={3},
	number={3},
	pages={1458--1465},
	year={2018},
	publisher={IEEE}
}

@article{kim2019highly,
	title={Highly dynamic quadruped locomotion via whole-body impulse control and model predictive control},
	author={Kim, Donghyun and Di Carlo, Jared and Katz, Benjamin and Bledt, Gerardo and Kim, Sangbae},
	journal={arXiv:1909.06586},
	year={2019}
}

@article{drumwright2015rapidly,
	title={Rapidly computable viscous friction and no-slip rigid contact models},
	author={Drumwright, Evan},
	journal={arXiv:1504.00719},
	year={2015}
}

@book{cottle2009linear,
	title={The Linear Complementarity Problem},
	author={Cottle, Richard W. and Pang, Jong{-}Shi and Stone, Richard E.},
	year={2009},
	publisher={SIAM}
}

@article{kojima1991unified,
	title={A unified approach to interior point algorithms for linear complementarity problems: {A} summary},
	author={Kojima, Masakazu and Megiddo, Nimrod and Noma, Toshihito and Yoshise, Akiko},
	journal={Operations Research Letters},
	volume={10},
	number={5},
	pages={247--254},
	year={1991},
	publisher={Elsevier}
}

@article{dirkse1995path,
	title={The {P}{A}{T}{H} {S}olver: {A} nommonotone stabilization scheme for mixed complementarity problems},
	author={Dirkse, Steven P. and Ferris, Michael C.},
	journal={Optimization Methods and Software},
	volume={5},
	number={2},
	pages={123--156},
	year={1995},
	publisher={Taylor \& Francis}
}

@article{coumans2019, 
	author =   {Erwin Coumans and Yunfei Bai}, 
	title =    {{P}y{B}ullet, a {P}ython module for physics simulation for games, robotics 
	and machine learning}, 
	howpublished = {\url{â€‹http://pybullet.orgâ€‹}}, 
	year = {2016--2019} 
} 

@article{lee2018dart,
	title={{DART}: {D}ynamic animation and robotics toolkit},
	author={Lee, Jeongseok and Grey, Michael X. and Ha, Sehoon and Kunz, Tobias and Jain, Sumit and Ye, Yuting and Srinivasa, Siddhartha S. and Stilman, Mike and Liu, C. Karen},
	journal={Journal of Open Source Software},
	volume={3},
	number={22},
	pages={500},
	year={2018}
}

@book{dini1907lezioni,
	title={Lezioni di analisi infinitesimale},
	author={Dini, Ulisse},
	volume={1},
	year={1907},
	publisher={Fratelli Nistri}
}

@article{posa2014direct,
	title={A direct method for trajectory optimization of rigid bodies through contact},
	author={Posa, Michael and Cantu, Cecilia and Tedrake, Russ},
	journal={The International Journal of Robotics Research},
	volume={33},
	number={1},
	pages={69--81},
	year={2014},
	publisher={Sage Publications}
}

@incollection{manchester2020variational,
	title={Variational contact-implicit trajectory optimization},
	author={Manchester, Zachary and Kuindersma, Scott},
	booktitle={Robotics Research},
	pages={985--1000},
	year={2020},
	publisher={Springer}
}

@article{de2018end,
	title={End-to-end differentiable physics for learning and control},
	author={de Avila Belbute-Peres, Filipe and Smith, Kevin and Allen, Kelsey and Tenenbaum, Josh and Kolter, J. Zico},
	journal={Advances in Neural Information Processing Systems},
	volume={31},
	pages={7178--7189},
	year={2018}
}

@article{werling2021fast,
	title={Fast and Feature-Complete Differentiable Physics for Articulated Rigid Bodies with Contact},
	author={Werling, Keenon and Omens, Dalton and Lee, Jeongseok and Exarchos, Ioannis and Liu, C. Karen},
	journal={arXiv:2103.16021},
	year={2021}
}

@article{geilinger2020add,
	title={{ADD}: {A}nalytically differentiable dynamics for multi-body systems with frictional contact},
	author={Geilinger, Moritz and Hahn, David and Zehnder, Jonas and B{\"a}cher, Moritz and Thomaszewski, Bernhard and Coros, Stelian},
	journal={ACM Transactions on Graphics},
	volume={39},
	number={6},
	pages={1--15},
	year={2020},
	publisher={ACM New York, NY, USA}
}

@article{wang2009fast,
	title={Fast model predictive control using online optimization},
	author={Wang, Yang and Boyd, Stephen},
	journal={IEEE Transactions on Control Systems Technology},
	volume={18},
	number={2},
	pages={267--278},
	year={2009},
	publisher={IEEE}
}

@article{stewart1996implicit,
	title={An implicit time-stepping scheme for rigid body dynamics with inelastic collisions and {C}oulomb friction},
	author={Stewart, David E. and Trinkle, Jeffrey C.},
	journal={International Journal for Numerical Methods in Engineering},
	volume={39},
	number={15},
	pages={2673--2691},
	year={1996},
	publisher={Wiley Online Library}
}

@article{marsden2001discrete,
	title={Discrete mechanics and variational integrators},
	author={Marsden, Jerrold E. and West, Matthew},
	journal={Acta Numerica},
	volume={10},
	pages={357--514},
	year={2001},
	publisher={Cambridge University Press}
}

@book{nocedal2006numerical,
	title = {Numerical Optimization},
	author = {Nocedal, Jorge and Wright, Stephen J.},
	year = {2006},
	edition = {Second},
	publisher = {{Springer}},
}

@article{yamazaki2017structure,
	title = {Structure-aware linear solver for realtime convex optimization for embedded systems},
	author = {Yamazaki, Ichitaro and Nooshabadi, Saeid and Tomov, Stanimire and Dongarra, Jack},
	year = {2017},
	volume = {9},
	pages = {61--64},
	journal = {IEEE Embedded Systems Letters},
	number = {3}
}

@article{davis2005algorithm,
	title={{A}lgorithm 849: {A} concise sparse {C}holesky factorization package},
	author={Davis, Timothy A.},
	journal={ACM Transactions on Mathematical Software},
	volume={31},
	number={4},
	pages={587--591},
	year={2005},
	publisher={ACM New York, NY, USA}
}

@article{bemporad1999control,
	title={Control of systems integrating logic, dynamics, and constraints},
	author={Bemporad, Alberto and Morari, Manfred},
	journal={Automatica},
	volume={35},
	number={3},
	pages={407--427},
	year={1999},
	publisher={Elsevier}
}

@phdthesis{pratt2000thesis,
	title = {Exploiting {{Inherent Robustness}} and {{Natural Dynamics}} in the {{Control}} of {{Bipedal Walking Robots}}},
	author = {Pratt, Jerry E.},
	year = {2000},
	school = {Massachusetts Institute of Technology}
}

@inproceedings{pratt1998intuitive,
	title={Intuitive control of a planar bipedal walking robot},
	author={Pratt, Jerry and Pratt, Gill},
	booktitle={IEEE International Conference on Robotics and Automation},
	volume={3},
	pages={2014--2021},
	year={1998},
}

@inproceedings{bledt2017policy,
	title={Policy-regularized model predictive control to stabilize diverse quadrupedal gaits for the {MIT} cheetah},
	author={Bledt, Gerardo and Wensing, Patrick M. and Kim, Sangbae},
	booktitle={IEEE/RSJ International Conference on Intelligent Robots and Systems},
	pages={4102--4109},
	year={2017},
}

@book{bertsekas2004stochastic,
	title={{{S}tochastic Optimal Control: {T}he Discrete-Time Case}},
	author={Bertsekas, Dimitri P. and Shreve, Steven},
	publisher={Athena Scientific},
	year={2004}
}

@phdthesis{moore2014robust,
	title={Robust post-stall perching with a fixed-wing {UAV}},
	author={Moore, Joseph Lawrence},
	year={2014},
	school={Massachusetts Institute of Technology}
}

@article{manchester2019robust,
	title={Robust direct trajectory optimization using approximate invariant funnels},
	author={Manchester, Zachary and Kuindersma, Scott},
	journal={Autonomous Robots},
	volume={43},
	number={2},
	pages={375--387},
	year={2019},
	publisher={Springer}
}

@inproceedings{todorov2005generalized,
	title={A generalized iterative {LQG} method for locally-optimal feedback control of constrained nonlinear stochastic systems},
	author={Todorov, Emanuel and Li, Weiwei},
	booktitle={American Control Conference},
	pages={300--306},
	year={2005},
}

@inproceedings{silver2014deterministic,
	title={Deterministic policy gradient algorithms},
	author={Silver, David and Lever, Guy and Heess, Nicolas and Degris, Thomas and Wierstra, Daan and Riedmiller, Martin},
	booktitle={International Conference on Machine Learning},
	year={2014}
}

@article{williams1992simple,
	title={Simple statistical gradient-following algorithms for connectionist reinforcement learning},
	author={Williams, Ronald J.},
	journal={Machine Learning},
	volume={8},
	number={3-4},
	pages={229--256},
	year={1992},
	publisher={Springer}
}

@inproceedings{tobin2017domain,
	title={Domain randomization for transferring deep neural networks from simulation to the real world},
	author={Tobin, Josh and Fong, Rachel and Ray, Alex and Schneider, Jonas and Zaremba, Wojciech and Abbeel, Pieter},
	booktitle={IEEE/RSJ International Conference on Intelligent Robots and Systems},
	pages={23--30},
	year={2017},
}

@article{bu2019lqr,
	title={{LQR} through the lens of first order methods: {Discrete}-time case},
	author={Bu, Jingjing and Mesbahi, Afshin and Fazel, Maryam and Mesbahi, Mehran},
	journal={arXiv:1907.08921},
	year={2019}
}

@article{wytock2013fast,
	title={A fast algorithm for sparse controller design},
	author={Wytock, Matt and Kolter, J. Zico},
	journal={arXiv:1312.4892},
	year={2013}
}

@inproceedings{agrawal2020learning,
	title={Learning convex optimization control policies},
	author={Agrawal, Akshay and Barratt, Shane and Boyd, Stephen and Stellato, Bartolomeo},
	booktitle={Learning for Dynamics and Control},
	pages={361--373},
	year={2020},
}

@inproceedings{amos2018differentiable,
	title={Differentiable {MPC} for end-to-end planning and control},
	author={Amos, Brandon and Jimenez, Ivan and Sacks, Jacob and Boots, Byron and Kolter, J. Zico},
	booktitle={Advances in Neural Information Processing Systems},
	pages={8289--8300},
	year={2018}
}

@inproceedings{levine2013guided,
	title={Guided policy search},
	author={Levine, Sergey and Koltun, Vladlen},
	booktitle={International Conference on Machine Learning},
	pages={1--9},
	year={2013}
}

@phdthesis{uhlmann1995dynamic,
	title={Dynamic map building and localization: {N}ew theoretical foundations},
	author={Uhlmann, Jeffrey K.},
	year={1995},
	school={University of Oxford}
}

@article{menegaz2015systematization,
	title={A systematization of the unscented {K}alman filter theory},
	author={Menegaz, Henrique M. T. and Ishihara, Jo{\~a}o Y. and Borges, Geovany A. and Vargas, Alessandro N.},
	journal={IEEE Transactions on Automatic Control},
	volume={60},
	number={10},
	pages={2583--2598},
	year={2015},
	publisher={IEEE}
}

@book{lavalle2006planning,
	title={Planning Algorithms},
	author={LaValle, Steven M.},
	year={2006},
	publisher={Cambridge University Press}
}

@article{tedrake2014underactuated,
	title={Underactuated robotics: {A}lgorithms for walking, running, swimming, flying, and manipulation (course notes for {MIT} 6.832)},
	author={Tedrake, Russ},
	year={2022}
}

@incollection{moreau2011unilateral,
	title={On unilateral constraints, friction and plasticity},
	author={Moreau, Jean Jacques},
	booktitle={New Variational Techniques in Mathematical Physics},
	pages={171--322},
	year={2011},
	publisher={Springer}
}

@article{meditch1964problem,
	title={On the problem of optimal thrust programming for a lunar soft landing},
	author={Meditch, James S.},
	journal={IEEE Transactions on Automatic Control},
	volume={9},
	number={4},
	pages={477--484},
	year={1964},
	publisher={IEEE}
}

@article{mellinger2012trajectory,
	title={Trajectory generation and control for precise aggressive maneuvers with quadrotors},
	author={Mellinger, Daniel and Michael, Nathan and Kumar, Vijay},
	journal={The International Journal of Robotics Research},
	volume={31},
	number={5},
	pages={664--674},
	year={2012},
	publisher={SAGE Publications Sage UK: London, England}
}

@book{boyd2004convex,
	title={Convex Optimization},
	author={Boyd, Stephen and Vandenberghe, Lieven},
	year={2004},
	publisher={Cambridge University Press}
}

@article{blackmore2010minimum,
	title={Minimum-landing-error powered-descent guidance for {M}ars landing using convex optimization},
	author={Blackmore, Lars and A{\c{c}}ikme{\c{s}}e, Beh{\c{c}}et and Scharf, Daniel P.},
	journal={Journal of Guidance, Control, and Dynamics},
	volume={33},
	number={4},
	pages={1161--1171},
	year={2010}
}

@article{vanderbei1998using,
	title={Using {LOQO} to solve second-order cone programming problems},
	author={Vanderbei, Robert J. and Yurttan, Hande},
	journal={Constraints},
	volume={1},
	pages={2},
	year={1998}
}

@article{scheel2000mathematical,
	title={Mathematical programs with complementarity constraints: {S}tationarity, optimality, and sensitivity},
	author={Scheel, Holger and Scholtes, Stefan},
	journal={Mathematics of Operations Research},
	volume={25},
	number={1},
	pages={1--22},
	year={2000},
	publisher={INFORMS}
}

@inproceedings{szmuk2019real,
	title={Real-time quad-rotor path planning using convex optimization and compound state-triggered constraints},
	author={Szmuk, Michael and Malyuta, Danylo and Reynolds, Taylor P. and Mceowen, Margaret Skye and A{\c{c}}ikme{\c{s}}e, Beh{\c{c}}et},
	booktitle={IEEE/RSJ International Conference on Intelligent Robots and Systems},
	pages={7666--7673},
	year={2019},
}

@book{biegler2010nonlinear,
	title={{Nonlinear Programming: Concepts, Algorithms, and Applications to Chemical Processes}},
	author={Biegler, Lorenz T.},
	year={2010},
	publisher={SIAM}
}

@article{vandenberghe2010cvxopt,
	title={The {C}{V}{X}{O}{P}{T} linear and quadratic cone program solvers},
	author={Vandenberghe, Lieven},
	journal={Online: http://cvxopt.org/documentation/coneprog.pdf},
	year={2010}
}

@book{bertsekas2014constrained,
	title={Constrained Optimization and Lagrange Multiplier Methods},
	author={Bertsekas, Dimitri P.},
	year={2014},
	publisher={Academic Press}
}

@article{izmailov2012global,
	title={Global convergence of augmented {L}agrangian methods applied to optimization problems with degenerate constraints, including problems with complementarity constraints},
	author={Izmailov, Alexey F. and Solodov, Mikhail V. and Uskov, E. I.},
	journal={SIAM Journal on Optimization},
	volume={22},
	number={4},
	pages={1579--1606},
	year={2012},
	publisher={SIAM}
}

@inproceedings{amos2017optnet,
	title={{O}pt{N}et: {D}ifferentiable optimization as a layer in neural networks},
	author={Amos, Brandon and Kolter, J. Zico},
	booktitle={International Conference on Machine Learning},
	pages={136--145},
	year={2017},
}

@inproceedings{howell2019altro,
	title={{ALTRO}: {A} fast solver for constrained trajectory optimization},
	author={Howell, Taylor A. and Jackson, Brian E. and Manchester, Zachary},
	booktitle={IEEE/RSJ International Conference on Intelligent Robots and Systems},
	pages={7674--7679},
	year={2019},
}

@article{howell2022trajectory,
	title={Trajectory optimization with optimization-based dynamics},
	author={Howell, Taylor A. and Le Cleacâ€™h, Simon and Singh, Sumeet and Florence, Pete and Manchester, Zachary and Sindhwani, Vikas},
	journal={IEEE Robotics and Automation Letters},
	volume={7},
	number={3},
	pages={6750--6757},
	year={2022},
	publisher={IEEE}
}

@inproceedings{mastalli2020crocoddyl,
	title={Crocoddyl: {A}n efficient and versatile framework for multi-contact optimal control},
	author={Mastalli, Carlos and Budhiraja, Rohan and Merkt, Wolfgang and Saurel, Guilhem and Hammoud, Bilal and Naveau, Maximilien and Carpentier, Justin and Righetti, Ludovic and Vijayakumar, Sethu and Mansard, Nicolas},
	booktitle={IEEE International Conference on Robotics and Automation},
	pages={2536--2542},
	year={2020},
}

@inproceedings{singh2022optimizing,
	title={Optimizing trajectories with closed-loop dynamic {SQP}},
	author={Singh, Sumeet and Slotine, Jean{-}Jacques and Sindhwani, Vikas},
	booktitle={International Conference on Robotics and Automation},
	pages={5249--5254},
	year={2022},
}

@unpublished{jallet2022constrained,
	TITLE = {Constrained differential dynamic programming: {A} primal-dual augmented {L}agrangian approach},
	AUTHOR = {Jallet, Wilson and Bambade, Antoine and Mansard, Nicolas and Carpentier, Justin},
	URL = {https://hal.archives-ouvertes.fr/hal-03597630},
	HAL_LOCAL_REFERENCE = {{R}apport {LAAS} n{\textdegree} 22054},
	YEAR = {2022},
	HAL_ID = {hal-03597630},
	HAL_VERSION = {v2},
}

@inproceedings{jackson2021altro,
	title={{ALTRO}-{C}: {A} fast solver for conic model-predictive control},
	author={Jackson, Brian E. and Punnoose, Tarun and Neamati, Daniel and Tracy, Kevin and Jitosho, Rianna and Manchester, Zachary},
	booktitle={IEEE International Conference on Robotics and Automation},
	pages={7357--7364},
	year={2021},
}

@article{zanelli2020forces,
	title={{FORCES} {NLP}: {A}n efficient implementation of interior-point methods for multistage nonlinear nonconvex programs},
	author={Zanelli, Andrea and Domahidi, Alexander and Jerez, J. and Morari, Manfred},
	journal={International Journal of Control},
	volume={93},
	number={1},
	pages={13--29},
	year={2020},
	publisher={Taylor \& Francis}
}

@article{szmuk2020successive,
	title={Successive convexification for real-time six-degree-of-freedom powered descent guidance with state-triggered constraints},
	author={Szmuk, Michael and Reynolds, Taylor P. and A{\c{c}}{\i}kme{\c{s}}e, Beh{\c{c}}et},
	journal={Journal of Guidance, Control, and Dynamics},
	volume={43},
	number={8},
	pages={1399--1413},
	year={2020},
	publisher={American Institute of Aeronautics and Astronautics}
}

@inproceedings{bonalli2019gusto,
	title={{GuSTO}: {G}uaranteed sequential trajectory optimization via sequential convex programming},
	author={Bonalli, Riccardo and Cauligi, Abhishek and Bylard, Andrew and Pavone, Marco},
	booktitle={International Conference on Robotics and Automation},
	pages={6741--6747},
	year={2019},
}

@article{raghunathan2003mathematical,
	title={Mathematical programs with equilibrium constraints ({MPEC}s) in process engineering},
	author={Raghunathan, Arvind U. and Biegler, Lorenz T.},
	journal={Computers \& Chemical Engineering},
	volume={27},
	number={10},
	pages={1381--1392},
	year={2003},
	publisher={Elsevier}
}

@inproceedings{agrawal2019differentiable,
	title={Differentiable convex optimization layers},
	author={Agrawal, Akshay and Amos, Brandon and Barratt, Shane and Boyd, Stephen and Diamond, Steven and Kolter, J. Zico},
	booktitle={Advances in Neural Information Processing Systems},
	pages={9562--9574},
	year={2019}
}

@misc{trajax,
	author = "Tu, Stephen and Frostig, Roy",
	title = "Trajax: {A} {P}ython library for differentiable optimal control on accelerators",
	year = 2022,
	url = "https://github.com/google/trajax"
}

@misc{drake,
	author = "Russ Tedrake and the Drake Development Team",
	title = "{D}rake: {M}odel-based design and verification for robotics",
	year = 2019,
	url = "https://drake.mit.edu"
}

@article{wachter2005line,
	title={Line search filter methods for nonlinear programming: {M}otivation and global convergence},
	author={W{\"a}chter, Andreas and Biegler, Lorenz T.},
	journal={SIAM Journal on Optimization},
	volume={16},
	number={1},
	pages={1--31},
	year={2005},
	publisher={SIAM}
}

@article{najafi2014efficient,
	title={An efficient method for computing the inverse of arrowhead matrices},
	author={Najafi, H. Saberi and Edalatpanah, S. A. and Gravvanis, George A.},
	journal={Applied Mathematics Letters},
	volume={33},
	pages={1--5},
	year={2014},
	publisher={Elsevier}
}

@article{lecleach2021fast,
	title={Fast contact-implicit model-predictive control},
	author={Le Cleac'h, Simon and Howell, Taylor A. and Yang, Shuo and Lee, Chi{-}Yen and Zhang, John and Bishop, Arun and Schwager, Mac and Manchester, Zachary},
	journal={arXiv:2107.05616},
	year={2021}
}

@inproceedings{palan2020fitting,
	title={Fitting a linear control policy to demonstrations with a {K}alman constraint},
	author={Palan, Malayandi and Barratt, Shane and McCauley, Alex and Sadigh, Dorsa and Sindhwani, Vikas and Boyd, Stephen},
	booktitle={Learning for Dynamics and Control},
	pages={374--383},
	year={2020},
}

@article{hinder2018one,
	title={A one-phase interior point method for nonconvex optimization},
	author={Hinder, Oliver and Ye, Yinyu},
	journal={arXiv:1801.03072},
	year={2018}
}

@article{sinha2017review,
	title={A review on bilevel optimization: {F}rom classical to evolutionary approaches and applications},
	author={Sinha, Ankur and Malo, Pekka and Deb, Kalyanmoy},
	journal={IEEE Transactions on Evolutionary Computation},
	volume={22},
	number={2},
	pages={276--295},
	year={2017},
	publisher={IEEE}
}

@inproceedings{yunt2006trajectory,
	title={Trajectory optimization of mechanical hybrid systems using {SUMT}},
	author={Yunt, Kerim and Glocker, Christoph},
	booktitle={IEEE International Workshop on Advanced Motion Control},
	pages={665--671},
	year={2006},
}

@inproceedings{jallet2022implicit,
	title={Implicit differential dynamic programming},
	author={Jallet, Wilson and Mansard, Nicolas and Carpentier, Justin},
	booktitle={International Conference on Robotics and Automation},
	pages={1455--1461},
	year={2022},
}

@article{zimmermann2021dynamic,
	title={Dynamic manipulation of deformable objects with implicit integration},
	author={Zimmermann, Simon and Poranne, Roi and Coros, Stelian},
	journal={IEEE Robotics and Automation Letters},
	volume={6},
	number={2},
	pages={4209--4216},
	year={2021},
	publisher={IEEE}
}

@article{chatzinikolaidis2021trajectory,
	title={Trajectory optimization of contact-rich motions using implicit differential dynamic programming},
	author={Chatzinikolaidis, Iordanis and Li, Zhibin},
	journal={IEEE Robotics and Automation Letters},
	volume={6},
	number={2},
	pages={2626--2633},
	year={2021},
	publisher={IEEE}
}

@inproceedings{pfrommer2021contactnets,
	title={{C}ontact{N}ets: {L}earning discontinuous contact dynamics with smooth, implicit representations},
	author={Pfrommer, Samuel and Halm, Mathew and Posa, Michael},
	booktitle={Conference on Robot Learning},
	pages={2279--2291},
	year={2021},
}

@inproceedings{landry2019bilevel,
	title={Bilevel optimization for planning through contact: {A} semidirect method},
	author={Landry, Benoit and Lorenzetti, Joseph and Manchester, Zachary and Pavone, Marco},
	booktitle={The International Symposium of Robotics Research},
	pages={789--804},
	year={2019},
}

@inproceedings{sindhwani2017sequential,
	title={Sequential operator splitting for constrained nonlinear optimal control},
	author={Sindhwani, Vikas and Roelofs, Rebecca and Kalakrishnan, Mrinal},
	booktitle={American Control Conference},
	pages={4864--4871},
	year={2017},
}

@article{suh2022bundled,
	title={Bundled gradients through contact via randomized smoothing},
	author={Suh, Hyung Ju Terry and Pang, Tao and Tedrake, Russ},
	journal={IEEE Robotics and Automation Letters},
	volume={7},
	number={2},
	pages={4000--4007},
	year={2022},
	publisher={IEEE}
}

@inproceedings{brudigam2020linear,
	title={Linear-time variational integrators in maximal coordinates},
	author={Br{\"u}digam, Jan and Manchester, Zachary},
	booktitle={International Workshop on the Algorithmic Foundations of Robotics},
	pages={194--209},
	year={2020},
}

@article{brudigam2021linear,
	title={Linear-time contact and friction dynamics in maximal coordinates using variational integrators},
	author={Br{\"u}digam, Jan and Janeva, Jana and Sosnowski, Stefan and Hirche, Sandra},
	journal={arXiv:2109.07262},
	year={2021}
}

@article{manchester2016quaternion,
	title={Quaternion variational integrators for spacecraft dynamics},
	author={Manchester, Zachary R. and Peck, Mason A.},
	journal={Journal of Guidance, Control, and Dynamics},
	volume={39},
	number={1},
	pages={69--76},
	year={2016},
	publisher={American Institute of Aeronautics and Astronautics}
}

@book{wanner1996solving,
	title={Solving Ordinary Differential Equations {II}},
	author={Wanner, Gerhard and Hairer, Ernst},
	volume={375},
	year={1996},
	publisher={Springer Berlin Heidelberg}
}

@article{stellato2020osqp,
	title={{OSQP}: {A}n operator splitting solver for quadratic programs},
	author={Stellato, Bartolomeo and Banjac, Goran and Goulart, Paul and Bemporad, Alberto and Boyd, Stephen},
	journal={Mathematical Programming Computation},
	volume={12},
	number={4},
	pages={637--672},
	year={2020},
	publisher={Springer}
}

@article{o2016conic,
	title={Conic optimization via operator splitting and homogeneous self-dual embedding},
	author={Oâ€™Donoghue, Brendan and Chu, Eric and Parikh, Neal and Boyd, Stephen},
	journal={Journal of Optimization Theory and Applications},
	volume={169},
	number={3},
	pages={1042--1068},
	year={2016},
	publisher={Springer}
}

@inproceedings{garstka2019cosmo,
	title={{COSMO}: {A} conic operator splitting method for large convex problems},
	author={Garstka, Michael and Cannon, Mark and Goulart, Paul},
	booktitle={European Control Conference},
	pages={1951--1956},
	year={2019},
}

@inproceedings{domahidi2013ecos,
	title={{ECOS}: {A}n {SOCP} solver for embedded systems},
	author={Domahidi, Alexander and Chu, Eric and Boyd, Stephen},
	booktitle={European Control Conference},
	pages={3071--3076},
	year={2013},
}

@inproceedings{ali2017semismooth,
	title={A semismooth {N}ewton method for fast, generic convex programming},
	author={Ali, Alnur and Wong, Eric and Kolter, J. Zico},
	booktitle={International Conference on Machine Learning},
	pages={70--79},
	year={2017},
}

@article{lobo1998applications,
	title={Applications of second-order cone programming},
	author={Lobo, Miguel Sousa and Vandenberghe, Lieven and Boyd, Stephen and Lebret, Herv{\'e}},
	journal={Linear {A}lgebra and its Applications},
	volume={284},
	number={1-3},
	pages={193--228},
	year={1998},
	publisher={Elsevier}
}

@article{tassa2007receding,
	title={Receding horizon differential dynamic programming},
	author={Tassa, Yuval and Erez, Tom and Smart, William D.},
	journal={{A}dvances in {N}eural {I}nformation {P}rocessing {S}ystems},
    volume={20},
	year={2007},
}

@incollection{hogan2016feedback,
	title={Feedback control of the pusher-slider system: {A} story of hybrid and underactuated contact dynamics},
	author={Hogan, Fran{\c{c}}ois Robert and Rodriguez, Alberto},
	booktitle={Algorithmic Foundations of Robotics},
  	pages={800--815},
  	year={2020},
  	publisher={Springer}
}

@article{lecun2006tutorial,
	title={A tutorial on energy-based learning},
	author={LeCun, Yann and Chopra, Sumit and Hadsell, Raia and Ranzato, Marc'Aurelio and Jie Huang, Fu},
	journal={Predicting Structured Data},
	volume={1},
	number={0},
	year={2006}
}

@book{schlick2010molecular,
	title={Molecular Modeling and Simulation: An Interdisciplinary Guide},
	author={Schlick, Tamar},
	volume={2},
	year={2010},
	publisher={Springer}
}

@article{pardo2016evaluating,
	title={Evaluating direct transcription and nonlinear optimization methods for robot motion planning},
	author={Pardo, Diego and M{\"o}ller, Lukas and Neunert, Michael and Winkler, Alexander W. and Buchli, Jonas},
	journal={IEEE Robotics and Automation Letters},
	volume={1},
	number={2},
	pages={946--953},
	year={2016},
	publisher={IEEE}
}

@article{hargraves1987direct,
	title={Direct trajectory optimization using nonlinear programming and collocation},
	author={Hargraves, Charles R. and Paris, Stephen W.},
	journal={Journal of Guidance, Control, and Dynamics},
	volume={10},
	number={4},
	pages={338--342},
	year={1987}
}

@article{mayne1966second,
	title={A second-order gradient method for determining optimal trajectories of non-linear discrete-time systems},
	author={Mayne, David},
	journal={International Journal of Control},
	volume={3},
	number={1},
	pages={85--95},
	year={1966},
	publisher={Taylor \& Francis}
}

@book{keller2018numerical,
	title={Numerical Methods for Two-Point Boundary-Value Problems},
	author={Keller, Herbert B.},
	year={2018},
	publisher={Courier Dover Publications}
}

@inproceedings{xie2017differential,
	title={Differential dynamic programming with nonlinear constraints},
	author={Xie, Zhaoming and Liu, C. Karen and Hauser, Kris},
	booktitle={{IEEE International Conference on Robotics and Automation}},
	pages={695--702},
	year={2017},
}

@article{lin1991differential,
	title={Differential dynamic programming technique for constrained optimal control},
	author={Lin, T. C. and Arora, J. S.},
	journal={Computational Mechanics},
	volume={9},
	number={1},
	pages={27--40},
	year={1991},
	publisher={Springer}
}

@inproceedings{giftthaler2018family,
	title={A family of iterative {G}auss-{N}ewton shooting methods for nonlinear optimal control},
	author={Giftthaler, Markus and Neunert, Michael and St{\"a}uble, Markus and Buchli, Jonas and Diehl, Moritz},
	booktitle={IEEE/RSJ International Conference on Intelligent Robots and Systems},
	pages={1--9},
	year={2018},
}

@inproceedings{plancher2017constrained,
	title={Constrained unscented dynamic programming},
	author={Plancher, Brian and Manchester, Zachary and Kuindersma, Scott},
	booktitle={IEEE/RSJ International Conference on Intelligent Robots and Systems},
	pages={5674--5680},
	year={2017},
}

@article{lantoine2012hybrid,
	title={A hybrid differential dynamic programming algorithm for constrained optimal control problems. {P}art 1: {T}heory},
	author={Lantoine, Gregory and Russell, Ryan P.},
	journal={Journal of Optimization Theory and Applications},
	volume={154},
	number={2},
	pages={382--417},
	year={2012},
	publisher={Springer}
}

@inproceedings{farshidian2017efficient,
	title={An efficient optimal planning and control framework for quadrupedal locomotion},
	author={Farshidian, Farbod and Neunert, Michael and Winkler, Alexander W. and Rey, Gonzalo and Buchli, Jonas},
	booktitle={IEEE International Conference on Robotics and Automation},
	pages={93--100},
	year={2017},
}

@article{toussaint2014novel,
	title={A novel augmented {L}agrangian approach for inequalities and convergent any-time non-central updates},
	author={Toussaint, Marc},
	journal={arXiv:1412.4329},
	year={2014}
}

@article{kaminski1971discrete,
	title={Discrete square root filtering: {A} survey of current techniques},
	author={Kaminski, Paul G. and Bryson, Arthur E. and Schmidt, Stanley F.},
	journal={IEEE Transactions on Automatic Control},
	volume={16},
	number={6},
	pages={727--736},
	year={1971},
	publisher={IEEE}
}

@article{andrychowicz2020learning,
	title={Learning dexterous in-hand manipulation},
	author={Andrychowicz, {OpenAI}: Marcin and Baker, Bowen and Chociej, Maciek and Jozefowicz, Rafal and McGrew, Bob and Pachocki, Jakub and Petron, Arthur and Plappert, Matthias and Powell, Glenn and Ray, Alex and others},
	journal={The International Journal of Robotics Research},
	volume={39},
	number={1},
	pages={3--20},
	year={2020},
	publisher={SAGE Publications Sage UK: London, England}
}

@article{akkaya2019solving,
	title={Solving {R}ubik's cube with a robot hand},
	author={Akkaya, Ilge and Andrychowicz, Marcin and Chociej, Maciek and Litwin, Mateusz and McGrew, Bob and Petron, Arthur and Paino, Alex and Plappert, Matthias and Powell, Glenn and Ribas, Raphael and others},
	journal={arXiv:1910.07113},
	year={2019}
}

@article{kumar2021rma,
	title={{RMA}: {R}apid motor adaptation for legged robots},
	author={Kumar, Ashish and Fu, Zipeng and Pathak, Deepak and Malik, Jitendra},
	journal={arXiv:2107.04034},
	year={2021}
}

@article{levine2018learning,
	title={Learning hand-eye coordination for robotic grasping with deep learning and large-scale data collection},
	author={Levine, Sergey and Pastor, Peter and Krizhevsky, Alex and Ibarz, Julian and Quillen, Deirdre},
	journal={The International Journal of Robotics Research},
	volume={37},
	number={4-5},
	pages={421--436},
	year={2018},
	publisher={SAGE Publications Sage UK: London, England}
}

@article{freeman2021brax,
	title={{B}rax--{A} differentiable physics engine for large scale rigid body simulation},
	author={Freeman, C. Daniel and Frey, Erik and Raichuk, Anton and Girgin, Sertan and Mordatch, Igor and Bachem, Olivier},
	journal={arXiv:2106.13281},
	year={2021}
}

@article{hu2019difftaichi,
	title={{D}iff{T}aichi: {D}ifferentiable programming for physical simulation},
	author={Hu, Yuanming and Anderson, Luke and Li, Tzu-Mao and Sun, Qi and Carr, Nathan and Ragan-Kelley, Jonathan and Durand, Fr{\'e}do},
	journal={International Conference on Learning Representations},
	year={2020}
}

@article{brockman2016openai,
	title={{OpenAI Gym}},
	author={Brockman, Greg and Cheung, Vicki and Pettersson, Ludwig and Schneider, Jonas and Schulman, John and Tang, Jie and Zaremba, Wojciech},
	journal={arXiv:1606.01540},
	year={2016}
}

@inproceedings{todorov2014convex,
	title={Convex and analytically-invertible dynamics with contacts and constraints: {T}heory and implementation in {M}u{J}o{C}o},
	author={Todorov, Emanuel},
	booktitle={IEEE International Conference on Robotics and Automation},
	pages={6054--6061},
	year={2014},
}

@inproceedings{elandt2019pressure,
	title={A pressure field model for fast, robust approximation of net contact force and moment between nominally rigid objects},
	author={Elandt, Ryan and Drumwright, Evan and Sherman, Michael and Ruina, Andy},
	booktitle={IEEE/RSJ International Conference on Intelligent Robots and Systems},
	pages={8238--8245},
	year={2019},
}

@inproceedings{koenig2004design,
	title={Design and use paradigms for {G}azebo, an open-source multi-robot simulator},
	author={Koenig, Nathan and Howard, Andrew},
	booktitle={IEEE/RSJ International Conference on Intelligent Robots and Systems},
	volume={3},
	pages={2149--2154},
	year={2004},
}

@misc{physx2022engine,
	title = "{PhysX} physics engine",
	year = 2022,
	author = "Nvidia",
	url = "https://developer.nvidia.com/physx-sdk"
}

@article{mehrotra1992implementation,
	title={On the implementation of a primal-dual interior point method},
	author={Mehrotra, Sanjay},
	journal={SIAM Journal on Optimization},
	volume={2},
	number={4},
	pages={575--601},
	year={1992},
	publisher={SIAM}
}

@article{jackson2021planning,
	title={Planning with attitude},
	author={Jackson, Brian E. and Tracy, Kevin and Manchester, Zachary},
	journal={IEEE Robotics and Automation Letters},
	volume={6},
	number={3},
	pages={5658--5664},
	year={2021},
	publisher={IEEE}
}

@inproceedings{erez2015simulation,
	title={Simulation tools for model-based robotics: {C}omparison of {B}ullet, {H}avok, {M}u{J}o{C}o, {O}{D}{E} and {P}hys{X}},
	author={Erez, Tom and Tassa, Yuval and Todorov, Emanuel},
	booktitle={IEEE International Conference on Robotics and Automation},
	pages={4397--4404},
	year={2015},
}

@article{sharma2018energy,
	title={Energy-preserving variational integrators for forced {L}agrangian systems},
	author={Sharma, Harsh and Patil, Mayuresh and Woolsey, Craig},
	journal={Communications in Nonlinear Science and Numerical Simulation},
	volume={64},
	pages={159--177},
	year={2018},
	publisher={Elsevier}
}

@inproceedings{duan2016benchmarking,
	title={Benchmarking deep reinforcement learning for continuous control},
	author={Duan, Yan and Chen, Xi and Houthooft, Rein and Schulman, John and Abbeel, Pieter},
	booktitle={International Conference on Machine Learning},
	pages={1329--1338},
	year={2016},
}

@article{bellman1966dynamic,
	title={Dynamic programming},
	author={Bellman, Richard},
	journal={Science},
	volume={153},
	number={3731},
	pages={34--37},
	year={1966},
	publisher={American Association for the Advancement of Science}
}

@article{kuhlmann2018primal,
	title={A primal-dual augmented {L}agrangian penalty-interior-point filter line search algorithm},
	author={Kuhlmann, Renke and B{\"u}skens, Christof},
	journal={Mathematical Methods of Operations Research},
	volume={87},
	number={3},
	pages={451--483},
	year={2018},
	publisher={Springer}
}

@article{gill2012primal,
	title={A primal-dual augmented {L}agrangian},
	author={Gill, Philip E. and Robinson, Daniel P.},
	journal={Computational Optimization and Applications},
	volume={51},
	number={1},
	pages={1--25},
	year={2012},
	publisher={Springer}
}

@article{argaez2002global,
	title={On the global convergence of a modified augmented {L}agrangian linesearch interior-point {N}ewton method for nonlinear programming},
	author={Arg{\'a}ez, Miguel and Tapia, R. A.},
	journal={Journal of Optimization Theory and Applications},
	volume={114},
	number={1},
	pages={1--25},
	year={2002},
	publisher={Springer}
}

@article{agrawal2019differentiating,
	title={Differentiating through a cone program},
	author={Agrawal, Akshay and Barratt, Shane and Boyd, Stephen and Busseti, Enzo and Moursi, Walaa M},
	journal={arXiv:1904.09043},
	year={2019}
}

@inproceedings{domke2012generic,
	title={Generic methods for optimization-based modeling},
	author={Domke, Justin},
	booktitle={Artificial Intelligence and Statistics},
	pages={318--326},
	year={2012},
}

@article{mayne2014model,
	title={Model predictive control: {R}ecent developments and future promise},
	author={Mayne, David Q.},
	journal={Automatica},
	volume={50},
	number={12},
	pages={2967--2986},
	year={2014},
	publisher={Elsevier}
}

@article{nesterov1994interior,
	title={Interior point polynomial methods in convex programming},
	author={Nesterov, Yurii},
	journal={Theory and Applications},
	year={1994},
	publisher={SIAM books}
}

@article{howell2022dojo,
	title={Dojo: {A} differentiable physics engine for robotics},
	author={Howell, Taylor A. and Le Cleac'h, Simon and Kolter, J. Zico and Schwager, Mac and Manchester, Zachary},
	journal={arXiv:2203.00806},
	year={2022}
}

@article{Julia-2017,
	title={Julia: {A} fresh approach to numerical computing},
	author={Bezanson, Jeff and Edelman, Alan and Karpinski, Stefan and Shah, Viral B},
	journal={SIAM {R}eview},
	volume={59},
	number={1},
	pages={65--98},
	year={2017},
	publisher={SIAM},
}

@article{howell2022calipso,
	title={{CALIPSO}: {A} differentiable solver for trajectory optimization with conic and complementarity constraints},
	author={Howell, Taylor A. and Le Cleac'h, Simon and Tracy, Kevin and Manchester, Zachary},
	journal={arXiv:2205.09255},
	year={2022}
}

@article{howell2021direct,
	title={Direct policy optimization using deterministic sampling and collocation},
	author={Howell, Taylor A. and Fu, Chunjiang and Manchester, Zachary},
	journal={IEEE Robotics and Automation Letters},
	volume={6},
	number={3},
	pages={5324--5331},
	year={2021},
	publisher={IEEE}
}

@article{julier2004unscented,
	title={Unscented filtering and nonlinear estimation},
	author={Julier, Simon J. and Uhlmann, Jeffrey K.},
	journal={Proceedings of the IEEE},
	volume={92},
	number={3},
	pages={401--422},
	year={2004},
	publisher={IEEE}
}

@article{howell2022predictive,
	title={{P}redictive {S}ampling: {R}eal-time Behaviour Synthesis with {M}u{J}o{C}o},
	author={Howell, Taylor A. and Gileadi, Nimrod and Tunyasuvunakool, Saran and Zakka, Kevin and Erez, Tom and Tassa, Yuval},
	journal={arXiv:2212.00541},
	year={2022}
}

@article{cauchy1847methode,
	title={M{\'e}thode g{\'e}n{\'e}rale pour la r{\'e}solution des systemes dâ€™{\'e}quations simultan{\'e}es},
	author={Cauchy, Augustin and others},
	journal={{C}omptes rendus de l'{A}cadÃ©mie des {S}ciences},
	volume={25},
	number={1847},
	pages={536--538},
	year={1847}
}

@article{marcucci2020warm,
  title={Warm start of mixed-integer programs for model predictive control of hybrid systems},
  author={Marcucci, Tobia and Tedrake, Russ},
  journal={Transactions on Automatic Control},
  volume={66},
  number={6},
  pages={2433--2448},
  year={2020},
  publisher={IEEE}
}

@article{anitescu2006optimization,
  title={Optimization-based simulation of nonsmooth rigid multibody dynamics},
  author={Anitescu, Mihai},
  journal={Mathematical Programming},
  volume={105},
  number={1},
  pages={113--143},
  year={2006},
  publisher={Springer}
}

@inproceedings{di2018dynamic,
  title={Dynamic locomotion in the {MIT} cheetah 3 through convex model-predictive control},
  author={Di Carlo, Jared and Wensing, Patrick M. and Katz, Benjamin and Bledt, Gerardo and Kim, Sangbae},
  booktitle={International Conference on Intelligent Robots and Systems},
  pages={1--9},
  year={2018},
}

@article{jin2020pontryagin,
	title={Pontryagin differentiable programming: An end-to-end learning and control framework},
	author={Jin, Wanxin and Wang, Zhaoran and Yang, Zhuoran and Mou, Shaoshuai},
	journal={Advances in Neural Information Processing Systems},
	volume={33},
	pages={7979--7992},
	year={2020}
}